<?xml version="1.0" encoding="UTF-8"?><collection xmlns="http://www.loc.gov/MARC21/slim"><record><leader>00516nam--2200193-i-4500</leader><controlfield tag="001">000045044</controlfield><controlfield tag="002">20161230</controlfield><controlfield tag="005">20161230201044</controlfield><controlfield tag="008">060222s1000------------r-----000-0-rum-d</controlfield><datafield ind1=" " ind2=" " tag="040"><subfield code="a">IFIN-HH</subfield></datafield><datafield ind1=" " ind2=" " tag="041"><subfield code="a">rum</subfield></datafield><datafield ind1=" " ind2=" " tag="080"><subfield code="a">524.7(075.4)</subfield></datafield><datafield ind1="1" ind2=" " tag="100"><subfield code="a">Toma, Eugeniu</subfield></datafield><datafield ind1="1" ind2="0" tag="245"><subfield code="a">Quasarii</subfield><subfield code="c">Eugeniu toma</subfield></datafield><datafield ind1=" " ind2=" " tag="260"><subfield code="a">Bucuresti</subfield><subfield code="b">Editura Stiintifica Si Pedagogica</subfield><subfield code="c">1977</subfield></datafield><datafield ind1=" " ind2=" " tag="300"><subfield code="a">110P</subfield></datafield><datafield ind1=" " ind2=" " tag="490"><subfield code="a">Stiinta Pentru Toti. Cunostinte Despre Univers</subfield><subfield code="v">Vol. 16</subfield></datafield><datafield ind1=" " ind2=" " tag="852"><subfield code="a">45031</subfield><subfield code="c">523</subfield></datafield><datafield ind1=" " ind2=" " tag="CAT"><subfield code="a">Sys</subfield><subfield code="c">20130830</subfield><subfield code="h">134315</subfield></datafield></record></collection>